Type,Product,Started Date,Completed Date,Description,Amount,Fee,Currency,State,Balance
Card Payment,Current,2024-08-31 12:57:40,2024-09-01 12:10:16,Mercadona,-60.38,0.00,EUR,COMPLETED,230.81
Card Payment,Current,2024-08-30 14:06:15,2024-09-02 12:37:01,Uber Eats,-10.00,0.00,EUR,COMPLETED,220.81
Card Payment,Current,2024-09-02 22:43:31,,Cabify,-11.12,0.00,EUR,REVERTED,
Transfer,Current,2024-09-02 23:00:10,2024-09-02 23:00:10,Transfer to ISMAIL BENABDELJALIL YOUSFI,-12.00,0.00,EUR,COMPLETED,208.81
Transfer,Current,2024-09-02 23:01:13,2024-09-02 23:01:13,Transfer from AYA FARES,12.00,0.00,EUR,COMPLETED,220.81
Transfer,Current,2024-09-02 23:01:33,2024-09-02 23:01:33,Transfer from AYA FARES,2.00,0.00,EUR,COMPLETED,222.81
Transfer,Current,2024-09-02 23:01:46,2024-09-02 23:01:46,Transfer from AYA FARES,9.00,0.00,EUR,COMPLETED,231.81
Card Payment,Current,2024-09-02 20:32:06,2024-09-03 10:43:53,El Ventorrillo Murciano,-8.00,0.00,EUR,COMPLETED,223.81
Card Payment,Current,2024-09-02 23:21:27,2024-09-03 11:56:39,Cabify,-11.64,0.00,EUR,COMPLETED,212.17
Card Payment,Current,2024-09-02 13:52:40,2024-09-03 12:56:47,Uber Eats,-6.00,0.00,EUR,COMPLETED,206.17
Card Payment,Current,2024-09-03 09:08:07,2024-09-04 10:44:03,DIA,-4.80,0.00,EUR,COMPLETED,201.37
Card Payment,Current,2024-09-03 23:07:25,2024-09-04 12:27:20,Cuzco Sour Bar,-18.00,0.00,EUR,COMPLETED,183.37
Card Payment,Current,2024-09-04 14:17:35,2024-09-05 11:18:19,Mercadona,-15.31,0.00,EUR,COMPLETED,168.06
Card Payment,Current,2024-09-06 15:14:10,2024-09-07 12:35:55,Casa Mundo Regalos Hogar,-5.60,0.00,EUR,COMPLETED,162.46
Card Payment,Current,2024-09-06 15:26:30,2024-09-07 12:36:23,Mercadona,-16.47,0.00,EUR,COMPLETED,145.99
Card Payment,Current,2024-09-08 02:07:20,2024-09-08 10:58:20,Apple,-5.99,0.00,EUR,COMPLETED,140.00
Card Payment,Current,2024-09-07 14:50:27,2024-09-08 12:08:34,Mercadona,-17.36,0.00,EUR,COMPLETED,122.64
Card Payment,Current,2024-09-09 15:39:22,2024-09-10 12:15:52,DIA,-5.39,0.00,EUR,COMPLETED,117.25
Topup,Current,2024-09-11 02:56:39,2024-09-11 02:56:40,Payment from FARES  YAHYA,850.00,0.00,EUR,COMPLETED,967.25
Card Payment,Current,2024-09-10 12:16:32,2024-09-11 10:38:39,DIA,-9.04,0.00,EUR,COMPLETED,958.21
Card Payment,Current,2024-09-11 00:34:07,2024-09-11 11:07:14,Eneba,-0.43,0.00,EUR,COMPLETED,957.78
Card Payment,Current,2024-09-11 13:11:27,2024-09-12 12:05:21,Mercadona,-37.11,0.00,EUR,COMPLETED,920.67
Transfer,Current,2024-09-12 16:37:01,2024-09-12 16:37:01,Transfer from AYA FARES,10.00,0.00,EUR,COMPLETED,930.67
Card Payment,Current,2024-09-12 17:53:27,2024-09-13 11:18:49,DIA,-4.65,0.00,EUR,COMPLETED,926.02
Card Payment,Current,2024-09-14 01:16:26,2024-09-15 11:38:26,El Club de la Birra,-31.80,0.00,EUR,COMPLETED,894.22
Card Payment,Current,2024-09-14 15:47:03,2024-09-16 11:08:38,Uber Eats,-15.10,0.00,EUR,COMPLETED,879.12
Card Payment,Current,2024-09-14 15:43:11,2024-09-16 11:11:05,Uber Eats,-5.91,0.00,EUR,COMPLETED,873.21
Card Payment,Current,2024-09-16 17:02:42,2024-09-17 11:46:13,DIA,-7.63,0.00,EUR,COMPLETED,865.58
Card Payment,Current,2024-09-17 12:09:37,,Uber Eats,-8.54,0.00,EUR,REVERTED,
Card Payment,Current,2024-09-17 15:52:25,2024-09-18 12:27:33,DIA,-6.55,0.00,EUR,COMPLETED,859.03
Transfer,Current,2024-09-19 12:11:33,2024-09-19 12:11:34,Transfer from ISMAIL BENABDELJALIL YOUSFI,15.00,0.00,EUR,COMPLETED,874.03
Transfer,Current,2024-09-20 00:32:23,2024-09-20 00:32:24,Transfer from ISMAIL BENABDELJALIL YOUSFI,2.00,0.00,EUR,COMPLETED,876.03
Card Payment,Current,2024-09-20 00:49:59,2024-09-20 10:07:35,Electronic Arts,-16.99,0.00,EUR,COMPLETED,859.04
Card Payment,Current,2024-09-20 18:07:00,2024-09-21 09:40:31,Universitat de Valencia,-0.76,0.00,EUR,COMPLETED,858.28
Card Payment,Current,2024-09-20 18:32:51,2024-09-21 09:45:04,Taj Mahal,-7.03,0.00,EUR,COMPLETED,851.25
Card Payment,Current,2024-09-20 18:21:16,2024-09-21 11:19:12,Midia Shops,-7.62,0.00,EUR,COMPLETED,843.63
Card Payment,Current,2024-09-21 15:59:50,2024-09-23 12:04:37,Uber Eats,-11.20,0.00,EUR,COMPLETED,832.43
Card Payment,Current,2024-09-21 16:02:35,2024-09-23 12:10:01,Uber Eats,-10.19,0.00,EUR,COMPLETED,822.24
Card Payment,Current,2024-09-22 23:15:21,2024-09-24 11:09:14,Amazon,-50.99,0.00,EUR,COMPLETED,771.25
Card Payment,Current,2024-09-22 18:14:12,2024-09-24 12:07:35,Uber Eats,-10.00,0.00,EUR,COMPLETED,761.25
Card Payment,Current,2024-09-25 11:53:01,2024-09-26 10:31:18,DIA,-6.88,0.00,EUR,COMPLETED,754.37
Card Payment,Current,2024-09-24 21:41:55,2024-09-26 11:54:58,Uber Eats,-10.00,0.00,EUR,COMPLETED,744.37
Card Payment,Current,2024-09-27 17:49:57,2024-09-28 11:03:23,Cuts Roses Universidad,-14.00,0.00,EUR,COMPLETED,730.37
Card Payment,Current,2024-09-27 13:24:54,2024-09-28 13:08:14,DIA,-4.45,0.00,EUR,COMPLETED,725.92
Card Payment,Current,2024-09-28 16:07:33,2024-09-30 11:52:51,Uber Eats,-11.20,0.00,EUR,COMPLETED,714.72
Card Payment,Current,2024-09-27 22:07:14,2024-09-30 11:53:03,Uber Eats,-10.00,0.00,EUR,COMPLETED,704.72
Transfer,Current,2024-10-01 00:08:13,2024-10-01 00:08:14,To Yahya Fares,-100.00,0.00,EUR,COMPLETED,604.72
Card Payment,Current,2024-09-30 18:01:05,2024-10-01 12:28:56,Universitat de Valencia,-0.51,0.00,EUR,COMPLETED,604.21
Card Payment,Current,2024-09-29 20:32:45,2024-10-01 12:37:29,Uber Eats,-5.00,0.00,EUR,COMPLETED,599.21
Card Payment,Current,2024-10-01 16:06:33,2024-10-02 12:39:59,DIA,-14.19,0.00,EUR,COMPLETED,585.02
Card Payment,Current,2024-10-02 20:39:55,2024-10-03 09:39:44,DIA,-8.82,0.00,EUR,COMPLETED,576.20
Card Payment,Current,2024-10-03 20:46:13,2024-10-04 13:09:37,Mercadona,-35.16,0.00,EUR,COMPLETED,541.04
Card Payment,Current,2024-10-03 14:46:31,2024-10-05 11:10:41,Uber Eats,-11.10,0.00,EUR,COMPLETED,529.94
Card Payment,Current,2024-10-05 16:34:42,2024-10-06 12:13:18,DIA,-5.82,0.00,EUR,COMPLETED,524.12
Card Payment,Current,2024-10-05 15:22:00,2024-10-06 12:13:27,Bershka,-39.99,0.00,EUR,COMPLETED,484.13
Card Payment,Current,2024-10-05 14:41:30,2024-10-06 12:13:30,ZARA,-97.95,0.00,EUR,COMPLETED,386.18
Card Payment,Current,2024-10-05 13:22:14,2024-10-06 12:20:36,Ferrocarrils de la Generalitat Valenciana,-4.00,0.00,EUR,COMPLETED,382.18
Card Payment,Current,2024-10-05 19:31:45,2024-10-07 11:11:28,Uber Eats,-15.40,0.00,EUR,COMPLETED,366.78
Card Payment,Current,2024-10-07 18:07:28,2024-10-08 10:24:46,Apple,-5.99,0.00,EUR,COMPLETED,360.79
Card Payment,Current,2024-10-07 19:57:31,2024-10-08 11:16:33,DIA,-12.46,0.00,EUR,COMPLETED,348.33
Card Payment,Current,2024-10-06 20:51:10,2024-10-08 12:44:37,Uber Eats,-25.50,0.00,EUR,COMPLETED,322.83
Card Payment,Current,2024-10-09 21:02:50,2024-10-10 12:29:31,Carrefour,-3.98,0.00,EUR,COMPLETED,318.85
Card Payment,Current,2024-10-09 14:18:28,2024-10-11 10:36:15,Uber Eats,-13.70,0.00,EUR,COMPLETED,305.15
Card Payment,Current,2024-10-10 14:17:43,2024-10-11 12:31:36,DIA,-24.57,0.00,EUR,COMPLETED,280.58
Card Payment,Current,2024-10-10 20:36:33,2024-10-11 12:35:07,Mercadona,-5.42,0.00,EUR,COMPLETED,275.16
Card Payment,Current,2024-10-11 13:51:59,2024-10-12 10:24:54,DIA,-11.08,0.00,EUR,COMPLETED,264.08
Card Payment,Current,2024-10-12 14:14:59,2024-10-13 12:16:26,DIA,-12.24,0.00,EUR,COMPLETED,251.84
Card Payment,Current,2024-10-13 13:26:08,2024-10-14 13:15:16,Uber Eats,-11.10,0.00,EUR,COMPLETED,240.74
Card Payment,Current,2024-10-14 19:55:08,2024-10-15 11:42:42,DIA,-10.11,0.00,EUR,COMPLETED,230.63
Card Payment,Current,2024-10-14 20:36:41,2024-10-16 10:11:29,Uber Eats,-9.60,0.00,EUR,COMPLETED,221.03
Card Payment,Current,2024-10-15 16:16:26,2024-10-17 10:42:23,Uber Eats,-15.90,0.00,EUR,COMPLETED,205.13
Exchange,Current,2024-10-17 11:08:46,2024-10-17 11:08:46,Exchanged to EUR,50.51,0.00,EUR,COMPLETED,255.64
Card Payment,Current,2024-10-16 12:41:29,2024-10-17 12:01:54,DIA,-5.32,0.00,EUR,COMPLETED,250.32
Card Payment,Current,2024-10-16 17:55:41,2024-10-17 12:01:56,DIA,-4.15,0.00,EUR,COMPLETED,246.17
Card Refund,Current,2024-10-16 18:30:14,2024-10-18 10:11:45,Amazon,50.99,0.00,EUR,COMPLETED,297.16
Card Payment,Current,2024-10-17 13:29:14,2024-10-18 12:24:11,DIA,-7.85,0.00,EUR,COMPLETED,289.31
Card Payment,Current,2024-10-18 14:36:13,2024-10-19 09:49:13,DIA,-16.15,0.00,EUR,COMPLETED,273.16
Card Payment,Current,2024-10-17 15:25:21,2024-10-19 11:29:44,Uber Eats,-9.15,0.00,EUR,COMPLETED,264.01
Card Payment,Current,2024-10-19 14:03:32,2024-10-20 09:38:45,Mercadona,-25.07,0.00,EUR,COMPLETED,238.94
Card Payment,Current,2024-10-19 14:12:12,2024-10-20 09:39:36,Hiper,-13.50,0.00,EUR,COMPLETED,225.44
Card Payment,Current,2024-10-19 21:09:16,2024-10-20 09:41:58,DIA,-8.15,0.00,EUR,COMPLETED,217.29
Card Payment,Current,2024-10-18 17:57:52,2024-10-20 11:28:33,Uber Eats,-12.90,0.00,EUR,COMPLETED,204.39
Card Payment,Current,2024-10-21 17:47:30,2024-10-22 12:10:37,DIA,-6.00,0.00,EUR,COMPLETED,198.39
Card Payment,Current,2024-10-22 19:51:12,2024-10-23 10:47:30,DIA,-10.09,0.00,EUR,COMPLETED,188.30
Card Payment,Current,2024-10-22 14:01:54,2024-10-24 10:23:55,Uber Eats,-15.40,0.00,EUR,COMPLETED,172.90
Card Payment,Current,2024-10-23 13:03:41,2024-10-24 10:33:34,Uber Eats,-10.79,0.00,EUR,COMPLETED,162.11
Card Payment,Current,2024-10-24 11:09:06,2024-10-25 11:39:54,DIA,-11.68,0.00,EUR,COMPLETED,150.43
Card Payment,Current,2024-10-25 21:24:16,2024-10-26 09:48:20,DIA,-22.49,0.00,EUR,COMPLETED,127.94
Card Payment,Current,2024-10-25 13:54:54,2024-10-26 09:51:43,Uber Eats,-12.00,0.00,EUR,COMPLETED,115.94
Card Payment,Current,2024-10-26 12:33:44,,Amazon,-27.99,0.00,EUR,REVERTED,
Card Payment,Current,2024-10-28 20:19:03,2024-10-29 10:41:37,DIA,-10.79,0.00,EUR,COMPLETED,105.15
Card Payment,Current,2024-10-28 13:58:22,2024-10-30 10:10:26,Uber Eats,-5.00,0.00,EUR,COMPLETED,100.15
Card Payment,Current,2024-10-29 12:45:20,2024-10-30 10:57:55,DIA,-12.47,0.00,EUR,COMPLETED,87.68
Card Payment,Current,2024-10-31 12:57:10,2024-11-01 11:43:57,DIA,-5.67,0.00,EUR,COMPLETED,82.01
Card Payment,Current,2024-10-30 14:23:45,2024-11-01 11:54:47,Sorare,-25.00,0.00,EUR,COMPLETED,57.01
Card Payment,Current,2024-10-30 14:15:03,2024-11-01 16:38:26,Uber Eats,-10.00,0.00,EUR,COMPLETED,47.01
Card Payment,Current,2024-11-01 12:27:49,2024-11-02 10:55:31,DIA,-15.34,0.00,EUR,COMPLETED,31.67
Card Payment,Current,2024-10-31 21:00:35,2024-11-02 11:05:39,Sorare,-5.00,0.00,EUR,COMPLETED,26.67
Card Payment,Current,2024-10-31 20:26:28,2024-11-02 12:18:10,Uber Eats,-7.20,0.00,EUR,COMPLETED,19.47
Card Payment,Current,2024-11-01 13:33:17,2024-11-02 13:19:42,Sorare,-17.17,0.00,EUR,COMPLETED,2.30
Card Payment,Current,2024-11-01 02:08:08,2024-11-02 13:19:48,Sorare,-1.52,0.00,EUR,COMPLETED,0.78
Topup,Current,2024-12-03 03:05:25,2024-12-03 03:05:25,Payment from FARES  YAHYA,6500.00,0.00,EUR,COMPLETED,6500.78
Transfer,Current,2024-12-03 11:15:17,2024-12-03 11:15:17,Savings Vault topup,-6500.00,0.00,EUR,COMPLETED,0.78
Transfer,Current,2025-01-09 18:02:32,2025-01-09 18:02:32,Transfer from ISMAIL BENABDELJALIL YOUSFI,2.50,0.00,EUR,COMPLETED,3.28
Transfer,Current,2025-02-06 18:43:05,2025-02-06 18:43:05,From Flexible Cash Funds,2000.00,0.00,EUR,COMPLETED,2003.28
Transfer,Current,2025-02-06 18:45:52,2025-02-06 18:45:53,Transfer to ISMAIL BENABDELJALIL YOUSFI,-2000.00,0.00,EUR,COMPLETED,3.28
Topup,Current,2025-02-07 17:40:27,2025-02-07 17:40:28,Payment from FARES  YAHYA,945.00,0.00,EUR,COMPLETED,948.28
Card Payment,Current,2025-02-08 14:38:21,2025-02-09 11:11:55,Mercadona,-21.02,0.00,EUR,COMPLETED,927.26
Card Payment,Current,2025-02-10 19:49:38,2025-02-11 09:46:46,Consum,-4.58,0.00,EUR,COMPLETED,922.68
Card Payment,Current,2025-02-10 19:34:04,2025-02-11 09:53:41,Mercadona,-1.65,0.00,EUR,COMPLETED,921.03
Card Payment,Current,2025-02-09 18:41:14,2025-02-11 13:22:01,Uber Eats,-10.56,0.00,EUR,COMPLETED,910.47
Card Payment,Current,2025-02-11 19:15:20,2025-02-12 10:58:58,Mercadona,-22.71,0.00,EUR,COMPLETED,887.76
Card Payment,Current,2025-02-12 18:47:18,2025-02-13 11:17:32,Mercadona,-6.92,0.00,EUR,COMPLETED,880.84
Card Payment,Current,2025-02-11 20:57:44,2025-02-13 16:21:02,Uber Eats,-16.00,0.00,EUR,COMPLETED,864.84
Card Payment,Current,2025-02-14 21:35:16,2025-02-15 12:38:16,Floristeria La Fulla,-6.00,0.00,EUR,COMPLETED,858.84
Card Payment,Current,2025-02-15 13:28:02,2025-02-16 12:09:34,Mercadona,-8.75,0.00,EUR,COMPLETED,850.09
Card Payment,Current,2025-02-18 19:42:02,2025-02-19 11:26:03,Mercadona,-21.91,0.00,EUR,COMPLETED,828.18
Card Payment,Current,2025-02-19 18:01:08,2025-02-20 11:29:43,Mercadona,-10.61,0.00,EUR,COMPLETED,817.57
Card Payment,Current,2025-02-21 00:19:41,2025-02-22 12:47:20,Fusion Manuel Candela,-13.50,0.00,EUR,COMPLETED,804.07
Card Payment,Current,2025-02-22 15:07:58,2025-02-23 14:15:37,Mercadona,-52.67,0.00,EUR,COMPLETED,751.40
Card Payment,Current,2025-02-25 19:19:41,2025-02-26 10:55:20,Consum,-19.17,0.00,EUR,COMPLETED,732.23
Card Payment,Current,2025-02-26 21:05:17,2025-02-27 13:02:31,DIDIDAODAO®,-39.90,0.00,EUR,COMPLETED,692.33
Card Payment,Current,2025-03-01 19:13:11,2025-03-02 11:33:42,Mercadona,-23.90,0.00,EUR,COMPLETED,668.43
Card Payment,Current,2025-03-03 14:20:56,2025-03-04 11:07:26,Cuts Roses Universidad,-14.00,0.00,EUR,COMPLETED,654.43
Card Payment,Current,2025-03-05 14:45:03,2025-03-06 11:42:08,DIA,-4.89,0.00,EUR,COMPLETED,649.54
Card Payment,Current,2025-03-06 17:35:47,2025-03-07 10:53:10,Mercadona,-48.42,0.00,EUR,COMPLETED,601.12
Card Payment,Current,2025-03-08 14:37:28,2025-03-09 14:11:51,Mercadona,-6.72,0.00,EUR,COMPLETED,594.40
Card Payment,Current,2025-03-10 18:53:23,2025-03-11 10:35:20,Mercadona,-1.65,0.00,EUR,COMPLETED,592.75
Card Payment,Current,2025-03-12 16:01:20,2025-03-13 12:14:54,Mercadona,-15.36,0.00,EUR,COMPLETED,577.39
Card Payment,Current,2025-03-12 16:05:01,2025-03-13 13:21:11,Hiper,-18.00,0.00,EUR,COMPLETED,559.39
Transfer,Current,2025-03-22 13:27:39,2025-03-22 13:27:40,Transfer from AYA FARES,10.00,0.00,EUR,COMPLETED,569.39
Card Payment,Current,2025-03-21 18:19:03,2025-03-23 15:27:57,Uber Eats,-9.95,0.00,EUR,COMPLETED,559.44
Card Payment,Current,2025-03-24 18:50:22,2025-03-25 10:28:02,Mercadona,-44.53,0.00,EUR,COMPLETED,514.91
Transfer,Current,2025-03-27 20:48:40,2025-03-27 20:48:40,Transfer from AYA FARES,17.50,0.00,EUR,COMPLETED,532.41
Card Payment,Current,2025-03-28 14:08:37,2025-03-29 10:37:17,Temu,-62.30,0.00,EUR,COMPLETED,470.11
Card Payment,Current,2025-03-28 17:20:38,2025-03-29 10:37:38,Temu,-19.36,0.00,EUR,COMPLETED,450.75
Card Payment,Current,2025-03-27 19:04:12,2025-03-29 12:50:42,Uber Eats,-13.97,0.00,EUR,COMPLETED,436.78
Card Payment,Current,2025-03-28 10:05:31,2025-03-29 12:59:34,DIA,-2.44,0.00,EUR,COMPLETED,434.34
Card Payment,Current,2025-03-28 19:19:33,2025-03-30 17:28:34,Uber Eats,-13.97,0.00,EUR,COMPLETED,420.37
Card Payment,Current,2025-03-28 18:49:06,2025-03-30 17:28:46,Uber Eats,-13.97,0.00,EUR,COMPLETED,406.40
Card Payment,Current,2025-03-31 12:48:14,2025-04-01 12:00:39,La Tarongeria,-1.50,0.00,EUR,COMPLETED,404.90
Card Payment,Current,2025-03-31 23:40:07,2025-04-02 16:29:25,Amazon,-81.11,0.00,EUR,COMPLETED,323.79
Card Payment,Current,2025-04-01 18:54:39,2025-04-03 10:46:14,Uber Eats,-13.97,0.00,EUR,COMPLETED,309.82
Card Payment,Current,2025-04-01 22:44:38,2025-04-03 12:28:43,Amazon,-9.99,0.00,EUR,COMPLETED,299.83
Card Payment,Current,2025-04-02 10:34:10,2025-04-03 17:29:32,Mercadona,-12.83,0.00,EUR,COMPLETED,287.00
Card Payment,Current,2025-04-04 11:07:28,2025-04-05 10:25:13,Mercadona,-8.49,0.00,EUR,COMPLETED,278.51
Card Payment,Current,2025-04-04 20:59:09,2025-04-05 13:49:06,DIA,-3.90,0.00,EUR,COMPLETED,274.61
Card Payment,Current,2025-04-04 20:48:08,2025-04-05 14:01:20,Mercadona,-2.81,0.00,EUR,COMPLETED,271.80
Card Payment,Current,2025-04-04 13:18:52,2025-04-05 14:23:13,Uber Eats,-8.95,0.00,EUR,COMPLETED,262.85
Card Payment,Current,2025-04-07 12:51:35,2025-04-08 20:03:15,Mercadona,-6.06,0.00,EUR,COMPLETED,256.79
Transfer,Current,2025-04-10 15:35:37,2025-04-10 15:35:38,Transfer from AYA FARES,24.26,0.00,EUR,COMPLETED,281.05
Card Payment,Current,2025-04-09 16:56:00,2025-04-10 15:55:49,Mercadona,-15.80,0.00,EUR,COMPLETED,265.25
Card Payment,Current,2025-04-10 15:35:31,2025-04-11 17:34:55,MYPROTEIN,-24.26,0.00,EUR,COMPLETED,240.99
Card Payment,Current,2025-04-10 20:31:32,2025-04-11 17:38:15,Glck,-4.20,0.00,EUR,COMPLETED,236.79
Card Payment,Current,2025-04-10 20:36:23,2025-04-11 17:43:28,St. Patrick's Irish Pub,-17.00,0.00,EUR,COMPLETED,219.79
Card Payment,Current,2025-04-10 18:16:48,2025-04-11 18:20:46,Amazon,-21.99,0.00,EUR,COMPLETED,197.80
Card Payment,Current,2025-04-11 12:58:31,2025-04-12 11:43:36,DIA,-4.29,0.00,EUR,COMPLETED,193.51
Card Payment,Current,2025-04-11 12:14:06,2025-04-12 11:45:12,Superfum,-4.99,0.00,EUR,COMPLETED,188.52
Card Payment,Current,2025-04-11 12:28:37,2025-04-12 11:45:30,Mercadona,-21.00,0.00,EUR,COMPLETED,167.52
Card Payment,Current,2025-04-11 22:19:33,2025-04-12 13:46:33,El Club de la Birra,-12.30,0.00,EUR,COMPLETED,155.22
Card Payment,Current,2025-04-12 18:49:29,2025-04-13 11:40:42,Maquinas Expendedoras,-3.15,0.00,EUR,COMPLETED,152.07
Card Payment,Current,2025-04-12 14:40:55,2025-04-13 12:28:18,Mercadona,-16.44,0.00,EUR,COMPLETED,135.63
Card Payment,Current,2025-04-14 01:32:30,2025-04-14 10:00:16,Amazon Prime,-24.95,0.00,EUR,COMPLETED,110.68
Card Payment,Current,2025-04-14 19:03:25,2025-04-15 14:53:03,Mercadona,-19.32,0.00,EUR,COMPLETED,91.36
Card Payment,Current,2025-04-16 20:49:36,2025-04-17 13:02:59,DIA,-6.54,0.00,EUR,COMPLETED,84.82
Card Payment,Current,2025-04-17 22:57:09,2025-04-18 16:12:10,St. Patrick's Irish Pub,-4.00,0.00,EUR,COMPLETED,80.82
Card Payment,Current,2025-04-17 21:56:12,2025-04-18 16:12:19,St. Patrick's Irish Pub,-11.40,0.00,EUR,COMPLETED,69.42
Card Payment,Current,2025-04-18 00:17:59,2025-04-19 11:46:04,Retro Food,-14.97,0.00,EUR,COMPLETED,54.45
Card Payment,Current,2025-04-19 13:27:11,2025-04-20 11:11:01,Uber Eats,-13.97,0.00,EUR,COMPLETED,40.48
Card Payment,Current,2025-04-19 12:14:47,2025-04-20 17:20:09,PULL&BEAR,-30.98,0.00,EUR,COMPLETED,9.50
Card Refund,Current,2025-05-06 02:00:00,2025-05-06 20:05:32,Amazon,81.11,0.00,EUR,COMPLETED,90.61
Card Payment,Current,2025-05-07 00:49:12,2025-05-08 10:36:05,Padel Iberico,-89.54,0.00,EUR,COMPLETED,1.07
Topup,Current,2025-05-18 14:41:01,2025-05-18 14:41:02,Payment from FARES  YAHYA,460.00,0.00,EUR,COMPLETED,461.07
Card Payment,Current,2025-05-19 19:01:15,2025-05-20 14:56:17,DIA,-4.19,0.00,EUR,COMPLETED,456.88
Card Payment,Current,2025-05-19 22:15:48,2025-05-20 14:57:57,Grupo Tinku,-14.00,0.00,EUR,COMPLETED,442.88
Card Payment,Current,2025-05-19 23:42:31,2025-05-20 14:58:43,Hundred,-17.55,0.00,EUR,COMPLETED,425.33
Transfer,Current,2025-05-20 20:32:50,2025-05-20 20:32:50,Transfer from AYA FARES,24.00,0.00,EUR,COMPLETED,449.33
Card Payment,Current,2025-05-20 20:24:48,2025-05-21 18:38:30,OpenAI,-21.55,0.00,EUR,COMPLETED,427.78
Card Payment,Current,2025-05-22 21:23:42,2025-05-23 16:52:49,Mercadona,-4.50,0.00,EUR,COMPLETED,423.28
Card Payment,Current,2025-05-24 17:07:10,2025-05-25 19:06:28,DIA,-13.95,0.00,EUR,COMPLETED,409.33
Card Payment,Current,2025-05-26 18:50:39,2025-05-27 13:41:53,Mercadona,-11.95,0.00,EUR,COMPLETED,397.38
Card Payment,Current,2025-05-29 21:11:25,2025-05-30 12:38:19,Mercadona,-13.20,0.00,EUR,COMPLETED,384.18
Card Payment,Current,2025-05-31 20:56:20,2025-06-01 12:44:13,DIA,-14.02,0.00,EUR,COMPLETED,370.16
Card Payment,Current,2025-06-02 19:47:35,2025-06-03 11:47:59,Mercadona,-7.85,0.00,EUR,COMPLETED,362.31
Card Payment,Current,2025-06-05 17:38:16,2025-06-07 12:07:18,Uber Eats,-16.13,0.00,EUR,COMPLETED,346.18
Card Payment,Current,2025-06-09 14:30:59,2025-06-10 16:59:47,Cuts Roses Universidad,-14.00,0.00,EUR,COMPLETED,332.18
Topup,Current,2025-06-11 12:40:17,2025-06-11 12:40:17,Payment from FARES  YAHYA,922.00,0.00,EUR,COMPLETED,1254.18
Card Payment,Current,2025-06-11 12:35:38,2025-06-12 10:20:50,Mercadona,-18.40,0.00,EUR,COMPLETED,1235.78
Transfer,Current,2025-06-14 13:07:16,2025-06-14 13:07:17,Transfer from AYA FARES,22.18,0.00,EUR,COMPLETED,1257.96
Card Payment,Current,2025-06-16 14:00:59,,Glovo,-0.50,0.00,EUR,REVERTED,
Card Payment,Current,2025-06-16 14:22:06,2025-06-18 14:10:06,Uber Eats,-13.14,0.00,EUR,COMPLETED,1244.82
Card Payment,Current,2025-06-19 16:25:17,2025-06-20 10:42:52,Glovo,-14.25,0.00,EUR,COMPLETED,1230.57
Card Payment,Current,2025-06-19 16:51:23,2025-06-20 11:18:26,Mercadona,-4.49,0.00,EUR,COMPLETED,1226.08
Card Payment,Current,2025-06-19 20:36:11,2025-06-20 15:59:34,Renfe,-15.70,0.00,EUR,COMPLETED,1210.38
Card Payment,Current,2025-06-19 17:02:01,2025-06-20 16:02:11,Consum,-11.30,0.00,EUR,COMPLETED,1199.08
Card Payment,Current,2025-06-20 21:25:51,2025-06-21 16:18:49,OpenAI,-21.10,0.00,EUR,COMPLETED,1177.98
Card Payment,Current,2025-06-21 13:11:04,2025-06-22 11:12:10,Amazon,-9.49,0.00,EUR,COMPLETED,1168.49
Card Payment,Current,2025-06-21 15:25:55,2025-06-22 11:52:01,Mercadona,-44.70,0.00,EUR,COMPLETED,1123.79
Card Payment,Current,2025-06-23 20:19:12,2025-06-24 13:22:19,Mercadona,-9.78,0.00,EUR,COMPLETED,1114.01
Card Payment,Current,2025-06-23 20:01:10,2025-06-25 10:28:57,Uber Eats,-16.13,0.00,EUR,COMPLETED,1097.88
Card Payment,Current,2025-06-26 00:11:43,2025-06-27 13:12:47,Meditaco,-3.00,0.00,EUR,COMPLETED,1094.88
Card Payment,Current,2025-06-26 00:12:32,2025-06-27 13:12:49,Meditaco,-1.80,0.00,EUR,COMPLETED,1093.08
Card Payment,Current,2025-06-26 00:14:19,2025-06-27 13:13:52,Meditaco,-22.30,0.00,EUR,COMPLETED,1070.78
Card Payment,Current,2025-06-27 15:37:56,2025-06-28 11:01:50,Glovo,-13.95,0.00,EUR,COMPLETED,1056.83
Transfer,Current,2025-06-29 13:09:33,2025-06-29 13:09:37,Transfer from AYA FARES,25.72,0.00,EUR,COMPLETED,1082.55
Card Payment,Current,2025-06-28 16:59:10,2025-06-30 12:35:45,Uber Eats,-16.13,0.00,EUR,COMPLETED,1066.42
Card Payment,Current,2025-06-29 13:09:10,2025-06-30 13:22:21,SHEIN,-25.72,0.00,EUR,COMPLETED,1040.70
Transfer,Current,2025-06-30 20:13:37,2025-06-30 20:13:38,Transfer from AYA FARES,15.24,0.00,EUR,COMPLETED,1055.94
Transfer,Current,2025-06-30 20:13:41,2025-06-30 20:13:41,Transfer from AYA FARES,16.13,0.00,EUR,COMPLETED,1072.07
Card Payment,Current,2025-06-30 13:53:30,2025-07-01 10:47:24,Glovo,-10.99,0.00,EUR,COMPLETED,1061.08
Card Payment,Current,2025-06-30 20:11:44,2025-07-01 11:44:28,Glovo,-15.24,0.00,EUR,COMPLETED,1045.84
Card Payment,Current,2025-06-30 13:07:57,2025-07-01 11:55:20,Mercadona,-17.83,0.00,EUR,COMPLETED,1028.01
Card Payment,Current,2025-06-30 21:06:46,2025-07-01 11:56:04,Mercadona,-1.40,0.00,EUR,COMPLETED,1026.61
Card Payment,Current,2025-06-30 13:40:36,2025-07-01 11:56:52,Mercadona,-0.92,0.00,EUR,COMPLETED,1025.69
Card Payment,Current,2025-07-01 20:47:42,2025-07-02 10:09:48,Atenea Sky,-8.00,0.00,EUR,COMPLETED,1017.69
Card Payment,Current,2025-07-01 20:32:02,2025-07-02 10:19:47,Atenea Skyclub,-24.00,0.00,EUR,COMPLETED,993.69
Card Payment,Current,2025-07-01 21:25:36,2025-07-02 12:10:07,Atenea Sky,-8.00,0.00,EUR,COMPLETED,985.69
Card Payment,Current,2025-06-30 20:12:06,2025-07-02 12:43:29,Uber Eats,-16.13,0.00,EUR,COMPLETED,969.56
Card Payment,Current,2025-07-02 00:13:44,2025-07-03 11:30:55,Le Favole Cafeteria Restaurante,-0.50,0.00,EUR,COMPLETED,969.06
Card Payment,Current,2025-07-02 00:10:17,2025-07-03 11:31:01,Le Favole Cafeteria Restaurante,-38.25,0.00,EUR,COMPLETED,930.81
Card Payment,Current,2025-07-02 20:37:04,2025-07-03 12:42:00,ZARA,-15.99,0.00,EUR,COMPLETED,914.82
Card Payment,Current,2025-07-02 21:02:35,2025-07-03 12:43:08,PULL&BEAR,-39.97,0.00,EUR,COMPLETED,874.85
Card Payment,Current,2025-07-02 19:21:05,2025-07-03 12:44:43,Ferrocarrils de la Generalitat Valenciana,-14.90,0.00,EUR,COMPLETED,859.95
Card Payment,Current,2025-07-02 19:19:53,2025-07-03 12:44:47,Ferrocarrils de la Generalitat Valenciana,-14.90,0.00,EUR,COMPLETED,845.05
Topup,Current,2025-07-03 13:16:27,2025-07-03 13:16:27,Payment from FARES  YAHYA,912.00,0.00,EUR,COMPLETED,1757.05
Card Payment,Current,2025-07-03 06:36:16,2025-07-04 16:47:57,Emt Valencia,-2.00,0.00,EUR,COMPLETED,1755.05
Card Payment,Current,2025-07-03 06:36:17,2025-07-04 16:48:21,Emt Valencia,-2.00,0.00,EUR,COMPLETED,1753.05
Card Payment,Current,2025-07-05 14:54:09,2025-07-06 12:25:34,Mercadona,-87.42,0.00,EUR,COMPLETED,1665.63
Card Payment,Current,2025-07-07 23:07:15,2025-07-09 10:20:31,Barca Vikinga,-20.00,0.00,EUR,COMPLETED,1645.63
Card Payment,Current,2025-07-07 23:44:08,2025-07-09 12:07:29,Crazy Bob,-20.00,0.00,EUR,COMPLETED,1625.63
Card Payment,Current,2025-07-09 15:02:08,2025-07-10 09:47:29,Cuts Roses Universidad,-14.00,0.00,EUR,COMPLETED,1611.63
Card Payment,Current,2025-07-09 16:02:37,2025-07-10 12:40:57,Mercadona,-10.13,0.00,EUR,COMPLETED,1601.50
Card Payment,Current,2025-07-11 21:03:05,,Cabify,-10.59,0.00,EUR,REVERTED,
Card Payment,Current,2025-07-11 23:48:32,2025-07-12 12:37:43,Festivex 2024 SL,-30.00,0.00,EUR,COMPLETED,1571.50
Card Payment,Current,2025-07-12 00:29:40,2025-07-13 10:32:06,Mya,-52.00,0.00,EUR,COMPLETED,1519.50
Card Payment,Current,2025-07-12 14:24:11,2025-07-13 10:49:50,Uber Eats,-16.50,0.00,EUR,COMPLETED,1503.00
Card Payment,Current,2025-07-14 07:19:29,,Cabify,-11.14,0.00,EUR,REVERTED,
Card Payment,Current,2025-07-13 19:16:23,2025-07-14 10:15:15,Charter,-10.39,0.00,EUR,COMPLETED,1492.61
Card Payment,Current,2025-07-12 14:18:29,2025-07-14 12:31:28,Uber Eats,-14.87,0.00,EUR,COMPLETED,1477.74
Card Payment,Current,2025-07-14 09:16:55,2025-07-15 10:16:08,Mercadona,-18.15,0.00,EUR,COMPLETED,1459.59
Card Payment,Current,2025-07-14 09:50:53,2025-07-15 10:24:17,Cabify,-11.49,0.00,EUR,COMPLETED,1448.10
Card Payment,Current,2025-07-16 03:05:53,2025-07-16 10:36:16,Glovo,-1.60,0.00,EUR,COMPLETED,1446.50
Card Payment,Current,2025-07-14 14:24:28,2025-07-16 13:09:14,Uber Eats,-10.14,0.00,EUR,COMPLETED,1436.36
Card Payment,Current,2025-07-17 13:40:54,2025-07-18 10:07:52,Mercadona,-4.90,0.00,EUR,COMPLETED,1431.46
Card Payment,Current,2025-07-17 13:56:00,2025-07-18 13:03:50,Glovo,-13.32,0.00,EUR,COMPLETED,1418.14
Card Payment,Current,2025-07-18 21:22:57,2025-07-19 11:35:13,Metro de Madrid,-7.30,0.00,EUR,COMPLETED,1410.84
Card Payment,Current,2025-07-18 17:44:57,2025-07-19 11:36:59,Bershka,-8.99,0.00,EUR,COMPLETED,1401.85
Card Payment,Current,2025-07-18 03:17:34,2025-07-19 15:10:03,EMT Madrid,-1.50,0.00,EUR,COMPLETED,1400.35
Card Payment,Current,2025-07-19 14:09:32,2025-07-20 09:17:38,Glovo,-13.32,0.00,EUR,COMPLETED,1387.03
Card Payment,Current,2025-07-19 13:45:00,2025-07-20 12:36:37,Mercadona,-10.76,0.00,EUR,COMPLETED,1376.27
Card Payment,Current,2025-07-20 16:51:27,2025-07-21 11:35:50,Carrefour,-1.49,0.00,EUR,COMPLETED,1374.78
Card Payment,Current,2025-07-20 15:39:10,2025-07-21 11:52:43,100 Montaditos,-24.00,0.00,EUR,COMPLETED,1350.78
Card Payment,Current,2025-07-20 21:25:56,2025-07-21 16:18:16,OpenAI,-20.90,0.21,EUR,COMPLETED,1329.67
Card Payment,Current,2025-07-22 16:18:23,2025-07-23 11:49:16,Mercadona,-70.67,0.00,EUR,COMPLETED,1259.00
Card Payment,Current,2025-07-26 14:10:46,2025-07-27 11:03:04,Glovo,-13.25,0.00,EUR,COMPLETED,1245.75
Card Payment,Current,2025-07-26 16:17:47,2025-07-27 11:45:32,DIA,-5.31,0.00,EUR,COMPLETED,1240.44
Card Payment,Current,2025-07-28 17:20:58,2025-07-29 11:19:55,DIA,-8.28,0.00,EUR,COMPLETED,1232.16
Card Payment,Current,2025-07-27 14:53:41,2025-07-29 14:52:53,Uber Eats,-15.98,0.00,EUR,COMPLETED,1216.18
Card Payment,Current,2025-07-29 17:59:15,2025-07-31 13:18:04,Uber Eats,-14.87,0.00,EUR,COMPLETED,1201.31
Card Payment,Current,2025-07-30 14:28:09,2025-07-31 13:55:02,Amazon,-12.74,0.00,EUR,COMPLETED,1188.57
Card Payment,Current,2025-07-31 17:12:14,2025-08-01 10:29:43,Mercadona,-9.74,0.00,EUR,COMPLETED,1178.83
Card Payment,Current,2025-07-31 12:58:52,2025-08-01 12:49:26,Uber Eats,-17.06,0.00,EUR,COMPLETED,1161.77
Card Payment,Current,2025-07-31 16:32:34,2025-08-01 13:33:37,Cuts Roses Universidad,-14.00,0.00,EUR,COMPLETED,1147.77
Card Payment,Current,2025-07-31 20:43:07,2025-08-01 15:49:11,Porkbun,-7.02,0.00,EUR,COMPLETED,1140.75
Card Payment,Current,2025-08-01 10:12:18,2025-08-02 11:59:47,Ferrocarrils de la Generalitat Valenciana,-6.10,0.00,EUR,COMPLETED,1134.65
Card Payment,Current,2025-08-01 09:40:06,2025-08-02 12:00:25,Mercadona,-8.00,0.00,EUR,COMPLETED,1126.65
Card Payment,Current,2025-08-16 02:47:13,2025-08-16 10:21:45,Glovo,-7.99,0.00,EUR,COMPLETED,1118.66
Card Payment,Current,2025-08-20 21:25:34,2025-08-21 15:42:33,OpenAI,-20.86,0.00,EUR,COMPLETED,1097.80
Transfer,Current,2025-08-29 11:12:08,2025-08-29 11:12:08,Transfer from Revolut user,1.00,0.00,EUR,COMPLETED,1098.80
Transfer,Current,2025-08-29 11:12:18,2025-08-29 11:12:18,Transfer from Revolut user,152.00,0.00,EUR,COMPLETED,1250.80
Transfer,Current,2025-08-29 22:03:43,2025-08-29 22:03:43,Transfer to AYA FARES,-325.00,0.00,EUR,COMPLETED,925.80
Card Payment,Current,2025-08-29 17:25:28,2025-08-30 14:06:18,BP,-10.20,0.00,EUR,COMPLETED,915.60
Card Payment,Current,2025-08-30 17:31:18,2025-09-01 11:14:06,Uber Eats,-16.91,0.00,EUR,COMPLETED,898.69
Card Payment,Current,2025-09-02 20:39:54,2025-09-03 14:27:12,Temu,-30.18,0.00,EUR,COMPLETED,868.51
Card Payment,Current,2025-09-03 17:52:20,2025-09-04 10:25:56,Mercadona,-1.00,0.00,EUR,COMPLETED,867.51
Card Payment,Current,2025-09-03 19:42:27,2025-09-04 10:27:09,Atenea Sky,-8.00,0.00,EUR,COMPLETED,859.51
Card Payment,Current,2025-09-03 18:15:01,2025-09-04 10:27:48,Ferrocarrils de la Generalitat Valenciana,-5.40,0.00,EUR,COMPLETED,854.11
Card Payment,Current,2025-09-03 15:38:34,2025-09-04 10:30:14,Consum,-2.30,0.00,EUR,COMPLETED,851.81
Card Payment,Current,2025-09-03 18:22:17,2025-09-04 10:33:05,Fusion Manuel Candela,-15.00,0.00,EUR,COMPLETED,836.81
Card Payment,Current,2025-09-03 21:35:04,2025-09-04 10:34:14,Papanato Mercat,-10.00,0.00,EUR,COMPLETED,826.81
Card Payment,Current,2025-09-04 13:14:44,2025-09-05 13:18:48,Uber Eats,-16.17,0.00,EUR,COMPLETED,810.64
Card Payment,Current,2025-09-05 23:06:37,2025-09-06 10:52:42,Bazar Y Alim. Shanghai,-3.20,0.00,EUR,COMPLETED,807.44
Card Payment,Current,2025-09-05 20:31:33,2025-09-06 12:56:17,Mercadona,-9.30,0.00,EUR,COMPLETED,798.14
Card Payment,Current,2025-09-07 23:34:43,2025-09-08 10:42:52,MYPROTEIN,-41.98,0.00,EUR,COMPLETED,756.16
Transfer,Current,2025-09-09 19:40:08,2025-09-09 19:40:08,Transfer from AYA FARES,42.00,0.00,EUR,COMPLETED,798.16
Card Payment,Current,2025-09-09 19:07:33,2025-09-10 12:59:38,Mercadona,-88.85,0.00,EUR,COMPLETED,709.31
Card Payment,Current,2025-09-10 23:55:53,2025-09-11 14:18:59,Porkbun,-9.52,0.00,EUR,COMPLETED,699.79
Card Payment,Current,2025-09-11 19:52:28,2025-09-12 13:19:11,Mercadona,-8.45,0.00,EUR,COMPLETED,691.34
Card Payment,Current,2025-09-12 17:40:58,2025-09-13 15:11:29,Glovo,-14.76,0.00,EUR,COMPLETED,676.58
Card Payment,Current,2025-09-12 17:59:10,2025-09-13 16:12:05,DIA,-9.72,0.00,EUR,COMPLETED,666.86
Card Payment,Current,2025-09-13 21:06:11,2025-09-14 10:31:31,Papanato Mercat,-30.00,0.00,EUR,COMPLETED,636.86
Card Payment,Current,2025-09-14 05:42:56,2025-09-15 11:33:44,Emt Valencia,-2.00,0.00,EUR,COMPLETED,634.86
Card Payment,Current,2025-09-14 05:42:57,2025-09-15 11:34:06,Emt Valencia,-2.00,0.00,EUR,COMPLETED,632.86
Card Payment,Current,2025-09-14 00:46:06,2025-09-15 11:37:11,El Club de la Birra,-11.20,0.00,EUR,COMPLETED,621.66
Card Payment,Current,2025-09-15 15:16:22,2025-09-16 13:13:43,Mercadona,-8.33,0.00,EUR,COMPLETED,613.33
Topup,Current,2025-09-16 13:52:20,2025-09-16 13:52:21,Payment from FARES  YAHYA,915.50,0.00,EUR,COMPLETED,1528.83
Card Payment,Current,2025-09-17 14:55:59,2025-09-18 11:43:13,AliExpress,-5.90,0.00,EUR,COMPLETED,1522.93
Card Payment,Current,2025-09-17 13:07:14,2025-09-18 11:46:04,Teika,-1.10,0.00,EUR,COMPLETED,1521.83
Card Payment,Current,2025-09-17 13:06:17,2025-09-18 11:47:15,Teika,-0.90,0.00,EUR,COMPLETED,1520.93
Card Payment,Current,2025-09-17 14:37:20,2025-09-18 13:14:17,Teika,-0.90,0.00,EUR,COMPLETED,1520.03
Card Payment,Current,2025-09-17 21:03:34,2025-09-18 13:17:34,Mercadona,-8.31,0.00,EUR,COMPLETED,1511.72
Card Payment,Current,2025-09-18 21:01:51,2025-09-19 11:50:21,DIA,-4.97,0.00,EUR,COMPLETED,1506.75
Card Payment,Current,2025-09-19 18:26:24,2025-09-20 16:49:23,Universitat Politècnica de València,-0.90,0.00,EUR,COMPLETED,1505.85
Card Payment,Current,2025-09-20 12:34:39,2025-09-21 16:04:36,DIA,-12.20,0.00,EUR,COMPLETED,1493.65
Card Payment,Current,2025-09-20 21:25:52,2025-09-21 17:28:33,OpenAI,-20.71,0.21,EUR,COMPLETED,1472.73
Card Payment,Current,2025-09-21 13:44:15,2025-09-22 13:46:38,Charter,-23.56,0.00,EUR,COMPLETED,1449.17
Card Payment,Current,2025-09-23 18:55:16,2025-09-24 15:34:13,Mercadona,-17.69,0.00,EUR,COMPLETED,1431.48
Card Payment,Current,2025-09-23 12:22:05,2025-09-24 16:19:34,Zalando Payments,-67.90,0.00,EUR,COMPLETED,1363.58
Card Payment,Current,2025-09-23 22:50:29,2025-09-24 16:21:33,Sorare,-10.00,0.00,EUR,COMPLETED,1353.58
Card Payment,Current,2025-09-24 13:25:08,2025-09-25 11:05:33,Mercadona,-11.60,0.00,EUR,COMPLETED,1341.98
Card Payment,Current,2025-09-24 17:00:15,2025-09-25 19:02:04,AliExpress,-10.05,0.00,EUR,COMPLETED,1331.93
Card Payment,Current,2025-09-27 20:21:44,2025-09-28 12:08:37,Mercadona,-28.32,0.00,EUR,COMPLETED,1303.61
Card Payment,Current,2025-09-26 18:58:23,2025-09-28 20:06:48,Uber Eats,-12.43,0.00,EUR,COMPLETED,1291.18
Card Payment,Current,2025-09-27 12:49:48,2025-09-28 20:18:38,Uber Eats,-16.91,0.00,EUR,COMPLETED,1274.27
Card Payment,Current,2025-09-29 11:59:17,2025-09-30 12:24:55,Mercadona,-18.78,0.00,EUR,COMPLETED,1255.49
Card Payment,Current,2025-09-30 14:55:57,2025-10-01 10:27:44,Sorare,-10.00,0.00,EUR,COMPLETED,1245.49
Card Payment,Current,2025-10-01 13:15:58,2025-10-02 12:28:38,Mercadona,-8.59,0.00,EUR,COMPLETED,1236.90
Card Payment,Current,2025-10-03 13:20:16,2025-10-04 11:33:10,Mercadona,-6.44,0.00,EUR,COMPLETED,1230.46
Card Payment,Current,2025-10-06 18:32:22,2025-10-07 14:03:39,Mercadona,-23.62,0.00,EUR,COMPLETED,1206.84
Card Payment,Current,2025-10-07 17:00:28,2025-10-08 16:11:45,DIA,-4.27,0.00,EUR,COMPLETED,1202.57
Card Payment,Current,2025-10-08 21:33:16,2025-10-09 14:52:57,Mercadona,-6.43,0.00,EUR,COMPLETED,1196.14
Card Payment,Current,2025-10-08 21:54:51,2025-10-10 11:54:54,Uber Eats,-15.69,0.00,EUR,COMPLETED,1180.45
Card Payment,Current,2025-10-10 15:33:54,2025-10-11 11:39:20,Consum,-23.72,0.00,EUR,COMPLETED,1156.73
Transfer,Current,2025-10-13 09:49:27,2025-10-13 09:49:29,To Yahya Fares,-560.00,0.00,EUR,COMPLETED,596.73
Card Payment,Current,2025-10-13 19:48:38,2025-10-14 12:35:06,Consum,-16.58,0.00,EUR,COMPLETED,580.15
Card Payment,Current,2025-10-14 17:45:29,2025-10-15 10:30:02,Mercadona,-9.30,0.00,EUR,COMPLETED,570.85
Card Payment,Current,2025-10-16 13:54:18,2025-10-17 09:53:28,Uber Eats,-10.90,0.00,EUR,COMPLETED,559.95
Card Payment,Current,2025-10-17 13:34:02,2025-10-18 10:46:29,Mercadona,-20.80,0.00,EUR,COMPLETED,539.15
Card Payment,Current,2025-10-18 12:32:08,2025-10-19 14:30:53,Floristeria La Fulla,-5.00,0.00,EUR,COMPLETED,534.15
Card Payment,Current,2025-10-18 12:39:38,2025-10-19 14:32:54,Mercadona,-13.40,0.00,EUR,COMPLETED,520.75
Card Payment,Current,2025-10-18 12:19:28,2025-10-19 14:38:49,Tabacos,-1.30,0.00,EUR,COMPLETED,519.45
Card Payment,Current,2025-10-20 21:16:54,2025-10-21 10:53:20,Mercadona,-15.07,0.00,EUR,COMPLETED,504.38
Card Payment,Current,2025-10-20 21:25:35,2025-10-21 16:50:44,OpenAI,-20.88,0.00,EUR,COMPLETED,483.50
Card Payment,Current,2025-10-22 19:29:10,2025-10-23 13:07:19,Teika,-0.85,0.00,EUR,COMPLETED,482.65
Card Payment,Current,2025-10-22 21:27:18,2025-10-23 13:10:25,DIA,-6.22,0.00,EUR,COMPLETED,476.43
Card Payment,Current,2025-10-22 13:36:14,2025-10-23 13:17:37,Uber Eats,-16.91,0.00,EUR,COMPLETED,459.52
Transfer,Current,2025-10-24 00:34:45,2025-10-24 00:34:45,On hold,-314.52,0.00,EUR,COMPLETED,145.00
Transfer,Current,2025-10-24 00:40:23,2025-10-24 00:40:23,Release,314.52,0.00,EUR,COMPLETED,459.52
Card Payment,Current,2025-10-23 19:40:43,2025-10-24 14:32:07,Foot Locker,-45.00,0.00,EUR,COMPLETED,414.52
Card Payment,Current,2025-10-24 20:19:19,2025-10-25 10:46:18,Mercadona,-5.65,0.00,EUR,COMPLETED,408.87
Card Payment,Current,2025-10-24 14:10:38,2025-10-26 13:48:08,Uber Eats,-18.28,0.00,EUR,COMPLETED,390.59
Card Payment,Current,2025-10-27 13:27:17,2025-10-28 14:38:04,DIA,-9.05,0.00,EUR,COMPLETED,381.54
Card Payment,Current,2025-10-28 15:20:41,2025-10-29 14:33:21,Amazon,-13.99,0.00,EUR,COMPLETED,367.55
Card Payment,Current,2025-10-28 15:42:52,2025-10-30 15:06:51,Uber Eats,-17.13,0.00,EUR,COMPLETED,350.42
Card Payment,Current,2025-10-30 10:31:06,2025-10-31 10:46:19,Mercadona,-10.65,0.00,EUR,COMPLETED,339.77
Card Payment,Current,2025-10-30 20:11:11,2025-10-31 11:12:23,Mercadona,-3.50,0.00,EUR,COMPLETED,336.27
Card Payment,Current,2025-10-29 13:13:27,2025-10-31 16:01:14,Uber Eats,-16.98,0.00,EUR,COMPLETED,319.29
Card Payment,Current,2025-11-01 05:43:00,2025-11-02 12:41:12,Emt Valencia,-2.00,0.00,EUR,COMPLETED,317.29
Card Payment,Current,2025-10-28 23:58:28,2025-11-03 14:35:34,Amazon,-47.95,0.00,EUR,COMPLETED,269.34
Card Payment,Current,2025-11-01 15:27:19,2025-11-03 14:41:51,Uber Eats,-12.89,0.00,EUR,COMPLETED,256.45
Card Payment,Current,2025-11-01 15:22:29,2025-11-03 14:45:58,Uber Eats,-19.21,0.00,EUR,COMPLETED,237.24
Card Payment,Current,2025-11-06 09:17:14,2025-11-07 11:23:42,DIA,-7.02,0.00,EUR,COMPLETED,230.22
Card Payment,Current,2025-11-06 19:29:49,2025-11-07 16:46:09,Epic Games Store,-24.19,0.00,EUR,COMPLETED,206.03
Card Payment,Current,2025-11-07 12:56:36,2025-11-08 10:15:29,DIA,-6.58,0.00,EUR,COMPLETED,199.45
Card Payment,Current,2025-11-08 12:24:10,2025-11-09 12:54:52,Uber Eats,-17.14,0.00,EUR,COMPLETED,182.31
Card Payment,Current,2025-11-11 17:10:44,2025-11-12 10:36:24,Mercadona,-5.85,0.00,EUR,COMPLETED,176.46
Card Payment,Current,2025-11-13 18:50:24,2025-11-15 09:41:55,Uber Eats,-17.36,0.00,EUR,COMPLETED,159.10
Card Payment,Current,2025-11-14 20:23:13,2025-11-15 14:28:51,Mercadona,-9.20,0.00,EUR,COMPLETED,149.90
Card Payment,Current,2025-11-17 17:55:06,2025-11-18 11:02:17,Mercadona,-6.45,0.00,EUR,COMPLETED,143.45
Card Payment,Current,2025-11-18 16:51:45,2025-11-19 11:47:40,Mercadona,-4.35,0.00,EUR,COMPLETED,139.10
Card Payment,Current,2025-11-20 20:36:11,2025-11-21 11:01:00,Mercadona,-9.95,0.00,EUR,COMPLETED,129.15
Card Payment,Current,2025-11-20 20:25:54,2025-11-21 16:52:49,OpenAI,-21.07,0.00,EUR,COMPLETED,108.08
Card Payment,Current,2025-11-21 14:03:26,2025-11-22 11:25:44,Cuts Roses Universidades,-14.00,0.00,EUR,COMPLETED,94.08
Card Payment,Current,2025-11-22 14:56:02,2025-11-23 11:16:38,DIA,-17.31,0.00,EUR,COMPLETED,76.77
Card Payment,Current,2025-11-21 14:17:46,2025-11-23 14:29:32,Uber Eats,-17.88,0.00,EUR,COMPLETED,58.89
Transfer,Deposit,2024-12-03 11:15:17,2024-12-03 11:15:17,Savings Vault topup,6500.00,0.00,EUR,COMPLETED,6500.00
Transfer,Deposit,2024-12-03 11:15:17,2024-12-03 11:15:17,Saving vault topup prefunding wallet,-6500.00,0.00,EUR,COMPLETED,0.00
Transfer,Deposit,2025-02-06 18:43:05,2025-02-06 18:43:05,Savings vault withdrawal from prefunding wallet,2000.00,0.00,EUR,COMPLETED,2000.00
Transfer,Deposit,2025-02-06 18:43:05,2025-02-06 18:43:05,From Flexible Cash Funds,-2000.00,0.00,EUR,COMPLETED,0.00
